<record><leader>00000cas a2200000 a 4500</leader><controlfield tag="001">11666641</controlfield><controlfield tag="008">850207c19369999ksuwr ne      0   a0eng d</controlfield><datafield ind1=" " ind2=" " tag="010"><subfield code="a">sn 85030913 </subfield></datafield><datafield ind1=" " ind2=" " tag="040"><subfield code="a">KSH</subfield><subfield code="b">eng</subfield><subfield code="c">KSH</subfield><subfield code="d">NPT</subfield><subfield code="d">OCL</subfield><subfield code="d">OCLCQ</subfield></datafield><datafield ind1=" " ind2=" " tag="042"><subfield code="a">msc</subfield></datafield><datafield ind1="0" ind2=" " tag="130"><subfield code="a">Kiowa County signal (Greensburg, Kan. : 1936)</subfield></datafield><datafield ind1="1" ind2="4" tag="245"><subfield code="a">The Kiowa County signal.</subfield></datafield><datafield ind1="1" ind2="3" tag="246"><subfield code="a">Kiowa County signal and the Greensburg news</subfield><subfield code="f">May 4-Nov. 30, 1939</subfield></datafield><datafield ind1=" " ind2=" " tag="260"><subfield code="a">Greensburg, Kan. :</subfield><subfield code="b">[s.n.],</subfield><subfield code="c">1936-</subfield></datafield><datafield ind1=" " ind2=" " tag="300"><subfield code="a">v. :</subfield><subfield code="b">ill. ;</subfield><subfield code="c">57 cm.</subfield></datafield><datafield ind1=" " ind2=" " tag="310"><subfield code="a">Weekly</subfield></datafield><datafield ind1="0" ind2=" " tag="362"><subfield code="a">Vol. 50, no. 9 (Nov. 12, 1936)-</subfield></datafield><datafield ind1=" " ind2=" " tag="500"><subfield code="a">Publisher varies.</subfield></datafield><datafield ind1=" " ind2=" " tag="580"><subfield code="a">Continues the periodical called: Progressive-signal magazine.</subfield></datafield><datafield ind1=" " ind2=" " tag="752"><subfield code="a">United States</subfield><subfield code="b">Kansas</subfield><subfield code="c">Kiowa</subfield><subfield code="d">Greensburg.</subfield></datafield><datafield ind1="1" ind2="0" tag="780"><subfield code="t">Progressive-signal magazine</subfield></datafield><datafield ind1="0" ind2="5" tag="780"><subfield code="t">Greensburg news (Greensburg, Kan.)</subfield><subfield code="g">May 1939</subfield><subfield code="w">(DLC)sn 85030886</subfield></datafield><datafield ind1="0" ind2="5" tag="780"><subfield code="t">Haviland journal</subfield><subfield code="g">Apr. 1970</subfield><subfield code="w">(DLC)sn 85030897</subfield></datafield></record>